<?xml version="1.0" encoding="UTF-8"?><collection xmlns="http://www.loc.gov/MARC21/slim"><record><leader>00605nam--2200181-i-4500</leader><controlfield tag="001">000039156</controlfield><controlfield tag="002">20161230</controlfield><controlfield tag="005">20161230201042</controlfield><controlfield tag="008">060222s1000------------r-----000-0-fre-d</controlfield><datafield ind1=" " ind2=" " tag="040"><subfield code="a">IFIN-HH</subfield></datafield><datafield ind1=" " ind2=" " tag="041"><subfield code="a">fre</subfield></datafield><datafield ind1=" " ind2=" " tag="080"><subfield code="a">539.196(043)</subfield></datafield><datafield ind1="1" ind2=" " tag="100"><subfield code="a">Riou-comtet,G</subfield></datafield><datafield ind1="1" ind2="0" tag="245"><subfield code="a">Etude par spectroscopie de translation des predissociations des ions moleculaires heh + et n2 et des dessociations de ions n2+ et no+ par collision sur une cible atomique</subfield><subfield code="b">These</subfield><subfield code="c">G. comtet-riou</subfield></datafield><datafield ind1=" " ind2=" " tag="260"><subfield code="a">Orsay</subfield><subfield code="b">Universite De Paris-sud</subfield><subfield code="c">1982</subfield></datafield><datafield ind1=" " ind2=" " tag="300"><subfield code="a">268 P</subfield></datafield><datafield ind1=" " ind2=" " tag="852"><subfield code="a">71457</subfield><subfield code="c">539.19</subfield></datafield><datafield ind1=" " ind2=" " tag="CAT"><subfield code="a">Sys</subfield><subfield code="c">20120717</subfield><subfield code="h">144658</subfield></datafield></record></collection>